@book{IEEEexample:bluebookbook,
  author    = {{Consulative Committee for Space Data Systems (CCSDS)}},
  title     = {Telemetry Channel Coding},
  series    = {Blue Book},
  number    = {4},
  publisher = {{CCSDS}},
  address   = {Newport Beach, {CA}},
  year      = {1999},
  url       = {http://www.ccsds.org/documents/pdf/CCSDS-101.0-B-4.pdf}
}
